@article{Pattyn_2010,
title = {{Antarctic subglacial conditions inferred from a hybrid ice sheet/ice stream model}},
author = {F Pattyn},
journal = {Earth and Planetary Science Letters},
volume = {295},
number = {3},
pages = {451-461},
year = {2010},
issn = {0012-821X},
doi = {https://doi.org/10.1016/j.epsl.2010.04.025},
}