@article{DeepGlacialTroughs,
    title = {{Deep glacial troughs and stabilizing ridges unveiled beneath the margins of the Antarctic ice sheet}},
    author = {M Morlighem and E Rignot and T Binder and D Blankenship and R Drews and G Eagles and O Eisen and F Ferraccioli and R Forsberg and P Fretwell and V Goel and J S Greenbaum and H Gudmundsson and J Guo and V Helm and C Hofstede and I Howat and A Humbert and W Jokat and N B Karlsson and W L Lee and K Matsuoka and R Millan and J Mouginot and J Paden and F Pattyn and J Roberts and S Rosier and A Ruppel and H Seroussi and E C Smith and D Steinhage and B Sun and M R van den Broeke and T D van Ommen and M van Wessem and D A Young},
    journal = {Nature Geoscience},
    volume = {13},
    issue = {2},
    pages = {132--137},
    year = {2020},
    month = {02},
    doi = {10.1038/s41561-019-0510-8}
}

@article{ReductionOfUncertaintyThwaites,
    title = {{Derivation of bedrock topography measurement requirements for the reduction of uncertainty in ice-sheet model projections of Thwaites Glacier}},
    author = {B A Castleman and N -J Schlegel and L Caron and E Larour and A Khazendar},
    Journal = {The Cryosphere},
    volume = {16},
    year = {2022},
    number = {3},
    pages = {761--778},
    doi = {10.5194/tc-16-761-2022}
}

@article{ATR,
    title = {{Antarctic Topographic Realizations and Geostatistical Modeling Used to Map Subglacial Lakes}},
    author = {E J MacKie and D M Schroeder J and Caers and M R Siegfried and C Scheidt},
    journal = {Journal of Geophysical Research: Earth Surface},
    volume = {125},
    number = {3},
    doi = {https://doi.org/10.1029/2019JF005420},
    year = {2020}
}

@misc{itslive,
    title = {{ITS\_LIVE Regional Glacier and Ice Sheet Surface Velocities: Version 1}},
    author = {A S Gardner and M A Fahnestock and T A Scambos},
    note = {Data archived at National Snow and Ice Data Center},
    doi = {https://doi:10.5067/6II6VW8LLWJ7},
    year = {2019}
}

@misc{ISSM,
    title = {{Continental scale, high order, high spatial resolution, ice sheet modeling using the Ice Sheet System Model}},
    author = {E Larour and H Seroussi and M Morlighem and E Rignot},
    note = {J. Geophys. Res., 117, F01022},
    doi = {https://doi:10.1029/2011JF002140},
    year = {2012}
}

@article{DynamicResponse,
    title = {{Dynamic response of Antarctic ice shelves to bedrock uncertainty}},
    author = {S Sun and S L Cornford and Y Liu and J C Moore},
    journal = {The Cryosphere},
    volume = {8},
    year = {2014},
    number = {4},
    pages = {1561--1576},
    doi = {https://doi:10.5194/tc-8-1561-2014}
}

@article{Bedrocktopographyuncertainty,
    title = {{Antarctic bedrock topography uncertainty and ice sheet stability}},
    author = {E Gasson and R DeConto and D Pollard},
    journal = {Geophysical Research Letters},
    volume = {42},
    number = {13},
    pages = {5372-5377},
    year = {2015},
    doi = {https://doi.org/10.1002/2015GL064322}
}

@article{DeeplyIncised,
    title = {{Deeply incised submarine glacial valleys beneath the Greenland ice sheet}},
    author = {M Morlighem E Rignot and J Mouginot and H Seroussi and E Larour},
    journal = {Nature Geoscience},
    volume = {7},
    number = {6},
    pages = {418-422},
    year = {2014},doi = {https://doi.org/10.1002/2017GL074954},
    doi = {https://doi.org/10.1038/ngeo2167}
}

@article{BedMachinev3,
    title = {{BedMachine v3: Complete Bed Topography and Ocean Bathymetry Mapping of Greenland From Multibeam Echo Sounding Combined With Mass Conservation}},
    author = {M Morlighem and C N Williams and E Rignot and L An and J E Arndt and J L Bamber and G Catania and N Chauché and J A Dowdeswell and B Dorschel and I Fenty and K Hogan and I Howat and A Hubbard and M Jakobsson and T M Jordan and K K Kjeldsen and R Millan and L Mayer and J Mouginot and B P Y Noël and C O'Cofaigh and S Palmer and S Rysgaard and H Seroussi and M J Siegert and P Slabon and F Straneo and M R van den Broeke and W Weinrebe and M Wood and K B Zinglersen},
    journal = {Geophysical Research Letters},
    volume = {44},
    number = {21},
    pages = {11,051-11,061},
    year = {2017},
    doi = {https://doi.org/10.1002/2017GL074954}
}

@article{SurfaceOndulations,
    title = {{Surface undulations of Antarctic ice streams tightly controlled by bedrock topography}},
    author = {J De Rydt and G H Gudmundsson and H F J Corr and P Christoffersen},
    journal = {The Cryosphere},
    volume = {7},
    year = {2013},
    number = {2},
    pages = {407--417},
    doi = {10.5194/tc-7-407-2013}
}

@article{Budd_1970,
    title={{Ice Flow Over Bedrock Perturbations}},
    author={W F Budd},
    journal={Journal of Glaciology},
    volume={9},
    number={55},
    year={1970},
    pages={29–48},
    doi={10.3189/S0022143000026770}
}

@misc{REMA,
    title = {{The Reference Elevation Model of Antarctica}},
    author = {I M Howat and C Porter and B E Smith and M-J Noh and P Morin},
    note = {The Cryosphere},
    volume={13},
    number = {2},
    year={2019},
    pages={665--674},
    doi = {https://doi.org/10.5194/tc-13-665-2019}
}

@article{IceFlowPiracy,
    title = {{Assessing the potential for ice flow piracy between the Totten and Vanderford glaciers, East Antarctica}},
    author = {F S McCormack and J L Roberts and B Kulessa and A Aitken and C F Dow and L Bird and B K Galton-Fenzi and K Hochmuth and R S Jones and A N Mackintosh and K McArthur},
    Journal = {The Cryosphere},
    volume = {17},
    year = {2023},
    number = {11},
    pages = {4549--4569},
    doi = {10.5194/tc-17-4549-2023}
}

@article{ISMIP6,
    title = {{ISMIP6 Antarctica: a multi-model ensemble of the Antarctic ice sheet evolution over the 21st century}},
    author = {H Seroussi and S Nowicki and A J Payne and H Goelzer and W H Lipscomb and A Abe-Ouchi and C Agosta and T Albrecht and X Asay-Davis and A Barthel and R Calov and R Cullather and C Dumas and B K  Galton-Fenzi and R Gladstone and N R Golledge and J M Gregory and R Greve and T Hattermann and M J Hoffman and A Humbert and P Huybrechts and N C Jourdain and T Kleiner and E Larour and G R Leguy and D P Lowry  and C M Little and M Morlighem and F Pattyn and T Pelle and S F Price and A Quiquet and R Reese and N-J Schlegel and A Shepherd and E Simon and R S Smith and F Straneo and S Sun and L D Trusel and J Van Breedam and R S W van de Wal and R Winkelmann and C Zhao and T Zhang and T Zwinger},
    Journal = {The Cryosphere},
    volume = {14},
    year = {2020},
    number = {9},
    pages = {3033--3070},
    doi = {10.5194/tc-14-3033-2020}
}

@inbook{IPCC,
    title = {{Ocean, Cryosphere and Sea Level Change}},
    author = {B Fox-Kemper and H T Hewitt and C Xiao and G Aðalgeirsdóttir and S S Drijfhout and T L Edwards and N R Golledge and M Hemer and R E Kopp and G Krinner and A Mix and D Notz and S Nowicki and I S Nurhati and L Ruiz and J-B Sallée and A B A Slangen and Y Yu},
    booktitle = {Climate Change 2021: The Physical Science Basis. Contribution of Working Group I to the Sixth Assessment Report of the Intergovernmental Panel on Climate Change},
    editor = {V Masson-Delmotte and P Zhai and A Pirani and S L Connors and C Péan and S Berger and N Caud and Y Chen and L Goldfarb and M I Gomis and M Huang and K Leitzell and E Lonnoy and J B R Matthews and T K Maycock and T Waterfield and O Yelekçi and R Yu and B Zhou},
    publisher = {Cambridge University Press},
    address = {Cambridge, United Kingdom and New York, NY, USA},
    pages = {1211--1362},
    year = {2021},
    doi = {10.1017/9781009157896.011}
}

@article{Young2011,
    title = {{A dynamic early East Antarctic Ice Sheet suggested by ice-covered fjord landscapes}},
    author = {D A Young and A P Wright and J L Roberts and R C Warner and N W Young and J S Greenbaum and D M Schroeder and J W Holt and D E Sugden and D D Blankenship and T D van Ommen},
    journal = {Nature},
    volume = {474},
    number = {7349},
    pages = {72-75},
    year = {2011},
    doi = {https://doi.org/10.1038/nature10114}
}

@article{GreenlandGeostatistics,
    title = {{Complex motion of Greenland Ice Sheet outlet glaciers with basal temperate ice}},
    author = {R Law  and P Christoffersen  and E MacKie  and S Cook  and M Haseloff  and O Gagliardini},
    journal = {Science Advances},
    volume = {9},
    number = {6},
    pages = {eabq5180},
    year = {2023},
    doi = {10.1126/sciadv.abq5180},
}

@online{WinNT,
  author = {Bethan Davies},
  title = {{AntarcticGlaciers.org: East Antarctic Ice Sheet}},
  year = {2024},
  url = {https://www.antarcticglaciers.org/antarctica-2/east-antarctic-ice-sheet/},
  urldate = {2020-06-22}
}