%%%% SMUG
@book{Webster_2007,
    title = {{Geostatistics for Environmental Scientists}},
    author = {R Webster and M Oliver},
    year = {2007},
    month = {01},
    isbn = {9780470028582},
    journal = {Geostatistics for Environmental Scientists: Second Edition},
    doi = {10.1002/9780470517277}
}

%%%% MOTIVATION
@article{Ritz_2015,
    author = {C Ritz and T L Edwards and G Durand and A J Payne and V Peyaud and R C A Hindmarsh},
    title = {{Potential sea-level rise from Antarctic ice-sheet instability constrained by observations}},
    journal = {Nature},
    volume = {528},
    number = {7580},
    pages = {115-118},
    doi = {10.1038/nature16147},
    year = {2015}
}

@article{Bingham_2017,
    author = {R G Bingham and D G Vaughan and E C King and D Davies and S L Cornford and A M Smith and R J Arthern and A M Brisbourne and J De Rydt and A G C Graham and M Spagnolo and O J Marsh and D E Shean},
    title = {{Diverse landscapes beneath Pine Island Glacier influence ice flow}},
    journal = {Nature Communications},
    volume = {8},
    number = {1},
    pages = {1618},
    doi = {10.1038/s41467-017-01597-y},
    year = {2017}
}

@article{Nias_2018,
    author = {I J Nias and S L Cornford and A J Payne},
    title = {{New Mass-Conserving Bedrock Topography for Pine Island Glacier Impacts Simulated Decadal Rates of Mass Loss}},
    journal = {Geophysical Research Letters},
    volume = {45},
    number = {7},
    pages = {3173-3181},
    doi = {https://doi.org/10.1002/2017GL076493},
    year = {2018}
}

@article{Wernecke_2022,
    title = {{Quantifying the Impact of Bedrock Topography Uncertainty in Pine Island Glacier Projections for This Century}},
    author={A Wernecke and T L Edwards and P B Holden and N R Edwards and S L Cornford},
    journal={Geophysical Research Letters},
    volume={49},
    number={6},
    pages={e2021GL096589},
    year={2022},
    doi={10.1029/2021GL096589}
}

@article{Gasson_2015,
    title = {{Antarctic bedrock topography uncertainty and ice sheet stability}},
    author = {E Gasson and R DeConto and D Pollard},
    journal = {Geophysical Research Letters},
    volume = {42},
    number = {13},
    pages = {5372--5377},
    year = {2015},
    doi = {https://doi.org/10.1002/2015GL064322}
}

@incollection{Fox-Kemper_2021,
    title = {{Ocean, Cryosphere and Sea Level Change}},
    author = {B Fox-Kemper and H T Hewitt and C Xiao and G A{\dh}algeirsd{\'o}ttir and S S Drijfhout and T L Edwards and N R Golledge and M Hemer and R E Kopp and G Krinner and A Mix and D Notz and S Nowicki and I S Nurhati and L Ruiz and J-B Sall{\'e}e and A B A Slangen and Y Yu},
    booktitle = {Climate Change 2021: The Physical Science Basis. Contribution of Working Group I to the Sixth Assessment Report of the Intergovernmental Panel on Climate Change},
    editor = {V Masson-Delmotte and P Zhai and A Pirani and S L Connors and C P{\'e}an and S Berger and N Caud and Y Chen and L Goldfarb and M I Gomis and M Huang and K Leitzell and E Lonnoy and J B R Matthews and T K Maycock and T Waterfield and O Yelek{\c{c}}i and R Yu and B Zhou},
    publisher = {Cambridge University Press},
    address = {Cambridge, UK and New York, NY, USA},
    chapter = {9},
    pages = {1211--1362},
    year = {2021},
    doi = {10.1017/9781009157896.011}
}

@inbook{O_C_in_changingClimate,
    title = {{The Ocean and Cryosphere in a changing climate}},
    author = {M Meredith and M Sommerkorn and S Cassotta and C Derksen and A Ekaykin and A Hollowed and G Koﬁnas and A Mackintosh and J Melbourne-Thomas and  M M C Muelbert and G Ottersen and H Pritchard and E A G. Schuur},
    booktitle = {IPCC Special Report on the Ocean and Cryosphere in a Changing Climate},
    editor = {H-O. Pörtner and D C Roberts and V Masson-Delmotte and P Zhai and M Tignor and E Poloczanska and K Mintenbeck and A Alegría and M Nicolai and A Okem and J Petzold},
    publisher = {Cambridge University Press},
    address = {Cambridge, United Kingdom and New York, NY, USA},
    pages = {203–-320},
    year = {2019},
    doi = {10.1017/9781009157964.005}
}

@inbook{L_T_C_C,
    title = {{Long-term Climate Change: Projections, Commitments, and Irreversibility}},
    author = {M Collins and R Knutti and J Arblaster and J-L Dufresne and T Fichefet and P Friedlingstein and X Gao and W J Gutowski and T Johns and G Krinner and M Shongwe and C Tebaldi and A J Weaver and M F Wehner and M R Allen and T Andrews and U Beyerle and C M Bitz and S Bony and B B B Booth},
    year = {2013},
    language = {English},
    isbn = {9781107057991},
    series = {Intergovernmental Panel on Climate Change},
    publisher = {Cambridge University Press},
    pages = {1029--1136},
    editor = {T F Stocker and D Q and G-K Plattner and M M B. Tignor and S K Allen and J Boschung and A Nauels and Y Xia and V Bex and P M Midgley},
    booktitle = {Climate Change 2013 - The Physical Science Basis},
    address = {Cambridge, United Kingdom},
}

@article{Jacobs_2004,
    title = {{Bottom water production and its links with the thermohaline circulation}},
    author={S S Jacobs},
    journal={Antarctic Science},
    volume = {16},
    number={4},
    pages={427–437},
    year={2004},
    doi = {10.1017/S095410200400224X}
}

@online{SeaIce,
    title = {{Australian Antarctic Program: Sea Ice}},
    author = {{Australian Antarctic Division}},
    year = {2017},
    url = {https://www.antarctica.gov.au/about-antarctica/ice-and-atmosphere/sea-ice/},
    urldate = {2024-12-16}
}

%%%%%% COOL
@article{RINGS_2022,
    title = {{RINGS: Collaborative international effort to map all Antarctic ice‐sheet margins}},
    author = {RINGS Action Group},
    journal = {Scientific Committee on Antarctic Research},
    year = {2022},
    doi = {https://doi.org/10.5281/zenodo.6638327}
}


@article{Ockenden_2023,
    title = {{Ice-flow perturbation analysis: a method to estimate ice-sheet bed topography and conditions from surface datasets}},
    author={H Ockenden and R G Bingham and A Curtis and D Goldberg},
    journal={Journal of Glaciology},
    volume={69},
    number={278},
    pages={1677-1686},
    year={2023},
    doi={10.1017/jog.2023.50}
}

@article{Morlighem_2020,
    title = {{Deep glacial troughs and stabilizing ridges unveiled beneath the margins of the Antarctic ice sheet}},
    author = {M Morlighem and E Rignot and T Binder and D Blankenship and R Drews and G Eagles and O Eisen and F Ferraccioli and R Forsberg and P Fretwell and V Goel and J S Greenbaum and H Gudmundsson and J Guo and V Helm and C Hofstede and I Howat and A Humbert and W Jokat and N B Karlsson and W L Lee and K Matsuoka and R Millan and J Mouginot and J Paden and F Pattyn and J Roberts and S Rosier and A Ruppel and H Seroussi and E C Smith and D Steinhage and B Sun and M R van den Broeke and T D van Ommen and M van Wessem and D A Young},
    journal = {Nature Geoscience},
    volume = {13},
    issue = {2},
    pages = {132--137},
    year = {2020},
    month = {02},
    doi = {10.1038/s41561-019-0510-8}
}

@inbook{Morlighem_Goldberg_2024,
    title = {{Data Assimilation in Glaciology}},
    author = {M Morlighem and D Goldberg},
    year = {2024},
    language = {English},
    publisher = {Cambridge University Press},
    pages = {93--111},
    booktitle = {Applications of Data Assimilation and Inverse Problems in the Earth Sciences},
    doi = {10.1017/9781009180412.007}
}


@article{Brinkerhoff_2016,
    title = {{Inversion of a glacier hydrology model}},
    author = {D J Brinkerhoff and C R Meyer and E Bueler and M Truffer and T C Bartholomaus},
    year = {2016},
    language = {English},
    journal = {Annals of Glaciology},
    volume = {57},
    number = {72},
    pages = {84--95},
    doi = {10.1017/aog.2016.3}
}


@article{Castleman_2022,
    title = {{Derivation of bedrock topography measurement requirements for the reduction of uncertainty in ice-sheet model projections of Thwaites Glacier}},
    author = {B A Castleman and N -J Schlegel and L Caron and E Larour and A Khazendar},
    Journal = {The Cryosphere},
    volume = {16},
    year = {2022},
    number = {3},
    pages = {761--778},
    doi = {10.5194/tc-16-761-2022}
}

@article{Holt_2006,
    title = {{New boundary conditions for the West Antarctic Ice Sheet: Subglacial topography of the Thwaites and Smith glacier catchments}},
    author = {J W Holt and D D Blankenship and D L Morse and D A Young and M E Peters and S D Kempf and D Scott and T G Richter and D G Vaughan and H F J Corr},
    journal = {Geophysical Research Letters},
    volume = {33},
    number = {9},
    pages = {},
    doi = {https://doi.org/10.1029/2005GL025561},
    year = {2006}
}

@article{Mackie_2020,
    title = {{Antarctic Topographic Realizations and Geostatistical Modeling Used to Map Subglacial Lakes}},
    author = {E J MacKie and D M Schroeder J and Caers and M R Siegfried and C Scheidt},
    journal = {Journal of Geophysical Research: Earth Surface},
    volume = {125},
    number = {3},
    doi = {https://doi.org/10.1029/2019JF005420},
    year = {2020}
}

@article{Lythe_2001,
    title = {{BEDMAP: A new ice thickness and subglacial topographic model of Antarctica}},
    author = {M B Lythe and D G Vaughan},
    journal = {Journal of Geophysical Research: Solid Earth},
    volume = {106},
    number = {B6},
    pages = {11335-11351},
    doi = {https://doi.org/10.1029/2000JB900449},
    url = {https://agupubs.onlinelibrary.wiley.com/doi/abs/10.1029/2000JB900449},
    eprint = {https://agupubs.onlinelibrary.wiley.com/doi/pdf/10.1029/2000JB900449},
    year = {2001}
}

@article{Fretwell_2013,
    title = {{Bedmap2: improved ice bed, surface and thickness datasets for Antarctica}},
    author = {P Fretwell and H D Pritchard and D G Vaughan and J L Bamber and N E Barrand and R Bell and C Bianchi and R G Bingham and D D Blankenship and G Casassa and G Catania and D Callens and H Conway and A J Cook and H F J Corr and D Damaske and V Damm and F Ferraccioli and R Forsberg and S Fujita and Y Gim and P Gogineni and J A Griggs and R C A Hindmarsh and P Holmlund and J W Holt and R W Jacobel and A Jenkins and W Jokat and T Jordan and E C King and J Kohler and W Krabill and M Riger-Kusk and K A Langley and G Leitchenkov and C Leuschen and B P Luyendyk and K Matsuoka and J Mouginot and F O Nitsche and Y Nogi and O A Nost and S V Popov and E Rignot and D M Rippin and A Rivera and J Roberts and N Ross and M J Siegert and A M Smith and D Steinhage and M Studinger and B Sun and B K Tinto and B C Welch and D Wilson and D A Young and C Xiangbin and A Zirizzotti},
    journal = {The Cryosphere},
    volume = {7},
    number = {1},
    pages = {375--393},
    year = {2013},
    doi = {10.5194/tc-7-375-2013}
}


@article{Pritchard_2025,
    title = {{Bedmap3 updated ice bed, surface and thickness gridded datasets for Antarctica}},
    author = {H D Pritchard and P T Fretwell and A C Fremand and J A Bodart and J D Kirkham and A Aitken and J Bamber and R Bell and C Bianchi and R G Bingham and D D Blankenship and G Casassa and K Christianson and H Conway and H F J Corr and X Cui and D Damaske and V Damm and B Dorschel and R Drews and G Eagles and O Eisen and H Eisermann and F Ferraccioli and E Field and R Forsberg and S Franke and V Goel and S P Gogineni and J Greenbaum and B Hills and R C A Hindmarsh and A O Hoffman and N Holschuh and J W Holt and A Humbert and R W Jacobel and D Jansen and A Jenkins and W Jokat and L Jong and T A Jordan and E C King and J Kohler and W Krabill and J Maton and M K Gillespie and K Langley and J Lee and G Leitchenkov and C Leuschen and B Luyendyk and J A MacGregor and E MacKie and G Moholdt and K Matsuoka and M Morlighem and J Mouginot and F O Nitsche and O A Nost and J Paden and F Pattyn and S Popov and E Rignot and D M Rippin and A Rivera and J L Roberts and N Ross and A Ruppel and D M Schroeder and M J Siegert and A M Smith and D Steinhage and M Studinger and B Sun and I Tabacco and K J Tinto and S Urbini and D G Vaughan and D S Wilson and D A Young and A Zirizzotti},
    journal = {Scientific Data},
    volume = {12},
    number = {1},
    pages = {414},
    year = {2025},
    doi = {10.1038/s41597-025-04672-y}
}


@article{Morlighem_2017,
    title = {BedMachine v3: Complete Bed Topography and Ocean Bathymetry Mapping of Greenland From Multibeam Echo Sounding Combined With Mass Conservation},
    author = {M Morlighem and C N Williams and E Rignot and L An and J E Arndt and J L Bamber and G Catania and N Chauch\'e and J A Dowdeswell and B Dorschel and I Fenty and K Hogan and I Howat and A Hubbard and M Jakobsson and T M Jordan and K K Kjeldsen and R Millan and L Mayer and J Mouginot and B P Y No\"el and C O'Cofaigh and S Palmer and S Rysgaard and H Seroussi and M J Siegert and P Slabon and F Straneo and M R van den Broeke and W Weinrebe and M Wood and K B Zinglersen},
    journal = {Geophysical Research Letters},
    volume = {44},
    number = {21},
    pages = {11,051-11,061},
    keywords = {Greenland, bathymetry, mass conservation, multibeam echo sounding, radar echo sounding, glaciology},
    doi = {https://doi.org/10.1002/2017GL074954},
    url = {https://agupubs.onlinelibrary.wiley.com/doi/abs/10.1002/2017GL074954},
    eprint = {https://agupubs.onlinelibrary.wiley.com/doi/pdf/10.1002/2017GL074954},
    year = {2017}
}


@article{Sun_2014,
    title = {{Dynamic response of Antarctic ice shelves to bedrock uncertainty}},
    author = {S Sun and S L Cornford and Y Liu and J C Moore},
    journal = {The Cryosphere},
    volume = {8},
    year = {2014},
    number = {4},
    pages = {1561--1576},
    doi = {https://doi:10.5194/tc-8-1561-2014}
}

@article{Morlighem_2014,
    title = {{Deeply incised submarine glacial valleys beneath the Greenland ice sheet}},
    author = {M Morlighem E Rignot and J Mouginot and H Seroussi and E Larour},
    journal = {Nature Geoscience},
    volume = {7},
    number = {6},
    pages = {418--422},
    year = {2014},
    doi = {https://doi.org/10.1038/ngeo2167}
}

@article{McCormack_2023,
    title = {{Assessing the potential for ice flow piracy between the Totten and Vanderford glaciers, East Antarctica}},
    author = {F S McCormack and J L Roberts and B Kulessa and A Aitken and C F Dow and L Bird and B K Galton-Fenzi and K Hochmuth and R S Jones and A N Mackintosh and K McArthur},
    Journal = {The Cryosphere},
    volume = {17},
    year = {2023},
    number = {11},
    pages = {4549--4569},
    doi = {10.5194/tc-17-4549-2023}
}

@article{Young_2011,
    title = {{A dynamic early East Antarctic Ice Sheet suggested by ice-covered fjord landscapes}},
    author = {D A Young and A P Wright and J L Roberts and R C Warner and N W Young and J S Greenbaum and D M Schroeder and J W Holt and D E Sugden and D D Blankenship and T D van Ommen},
    journal = {Nature},
    volume = {474},
    number = {7349},
    pages = {72-75},
    year = {2011},
    doi = {https://doi.org/10.1038/nature10114}
}

@online{WinNT,
    title = {{AntarcticGlaciers.org: East Antarctic Ice Sheet}},
    author = {Bethan Davies},
    year = {2024},
    url = {https://www.antarcticglaciers.org/antarctica-2/east-antarctic-ice-sheet/},
    urldate = {2020-06-22}
}


%%%%%% Glaciology
@article{Law_2023,
    title = {{Complex motion of Greenland Ice Sheet outlet glaciers with basal temperate ice}},
    author = {R Law  and P Christoffersen  and E MacKie  and S Cook  and M Haseloff  and O Gagliardini},
    journal = {Science Advances},
    volume = {9},
    number = {6},
    year = {2023},
    doi = {10.1126/sciadv.abq5180},
}

 @article{Getraer_2024,
    title={{Increasing the Glen–Nye power law exponent accelerates ice loss projections for the Amundsen Sea Embayment, West Antarctica},
    author={B Getraer and M Morlighem}},
    doi={10.22541/essoar.172736767.77693480/v1},
    publisher={Authorea, Inc.},
    year={2024},
    month = {sep}
}

%%%%%% Physics
@article{deRydt_2013,
    title = {{Surface undulations of Antarctic ice streams tightly controlled by bedrock topography}},
    author = {J De Rydt and G H Gudmundsson and H F J Corr and P Christoffersen},
    journal = {The Cryosphere},
    volume = {7},
    year = {2013},
    number = {2},
    pages = {407--417},
    doi = {10.5194/tc-7-407-2013}
}

@article{Budd_1970,
    title={{Ice Flow Over Bedrock Perturbations}},
    author={W F Budd},
    journal={Journal of Glaciology},
    volume={9},
    number={55},
    year={1970},
    pages={29--48},
    doi={10.3189/S0022143000026770}
}

@article{Budd_1979,
    title={{Empirical Studies of Ice Sliding}},
    author={W F Budd and P L Keage and N A Blundy},
    volume={23},
    number={89},
    journal={Journal of Glaciology},
    year={1979},
    pages={157–170},
    doi={10.3189/S0022143000029804}
}

@article{Whillans_1977, 
    title = {{The Equation of Continuity and its Application to the Ice Sheet Near “byrd” Station, Antarctica}},
    author={I M Whillans}, 
    volume={18}, 
    number={80}, 
    journal={Journal of Glaciology}, 
    year={1977}, 
    pages={359–371},
    doi={10.3189/S0022143000021055}
}

@article{Hindmarsh_2006,
    title = {{The role of membrane-like stresses in determining the stability and sensitivity of the Antarctic ice sheets: back pressure and grounding line motion}},
    author = {R C A Hindmarsh},
    journal = {Philosophical Transactions of the Royal Society A: Mathematical, Physical and Engineering Sciences},
    volume = {364},
    number = {1844},
    pages = {1733-1767},
    year = {2006},
    doi = {10.1098/rsta.2006.1797}
}

@article{Bassis_2011,
    title = {{Dynamics of ice sheets and glaciers}},
    author = {J N Bassis andR Greve and H Blatter},
    volume={57}, 
    number={205},
    journal={Journal of Glaciology},
    year={2011}, 
    pages={981–982},
    doi={10.3189/002214311798043717},
  }

%%%%%% DATA
@online{ICECAP,
    title = {{Australian Antarctic Program: Project 4077 - Sea Ice Thickness Measurements}},
    author = {{Australian Antarctic Division}},
    year = {2013},
    url = {https://antapps.aad.gov.au/public/projects/report_project_public.cfm?project_no=4077&season=1213},
    urldate = {2025-02-12}
}

@article{Bindschadler_2011,
    title = {{Getting around Antarctica: new high-resolution mappings of the grounded and freely-floating boundaries of the Antarctic ice sheet created for the International Polar Year}},
    author = {R Bindschadler and H Choi and A Wichlacz and R Bingham and J Bohlander and K Brunt and H Corr and R Drews and H Fricker and M Hall and R Hindmars and J Kohler and L Padman and W Rack and G Rotschky and S Urbini and P Vornberger and N Young},
    journal = {The Cryosphere},
    volume = {5},
    year = {2011},
    number = {3},
    pages = {569--588},
    doi = {10.5194/tc-5-569-2011}
}

@misc{itslive,
    title = {{ITS\_LIVE Regional Glacier and Ice Sheet Surface Velocities: Version 1}},
    author = {A S Gardner and M A Fahnestock and T A Scambos},
    note = {Data archived at National Snow and Ice Data Center},
    doi = {https://doi:10.5067/6II6VW8LLWJ7},
    year = {2019}
}

@article{Fremand_2023,
    title={{Antarctic Bedmap data: Findable, Accessible, Interoperable, and Reusable (FAIR) sharing of 60 years of ice bed, surface, and thickness data}},
    author={A C Frémand and P Fretwell and J A Bodart and H D Pritchard and A Aitken and J L Bamber and R Bell and C Bianchi and R G Bingham and D D Blankenship and G Casassa and G Catania and K Christianson and H Conway and H F J Corr and X Cui and D Damaske and V Damm and R Drews and G Eagles and O Eisen and H Eisermann and F Ferraccioli and E Field and R Forsberg and S Franke and S Fujita and Y Gim and V Goel and S P Gogineni and J Greenbaum and B Hills and R C A Hindmarsh and A O Hoffman and P Holmlund and N Holschuh and J W Holt and A N Horlings and A Humbert and R W Jacobel and D Jansen and A Jenkins and W Jokat and T Jordan and E King and J Kohler and W Krabill and M Kusk Gillespie and K Langley and J Lee and G Leitchenkov and C Leuschen and B Luyendyk and J MacGregor and E MacKie and K Matsuoka and M Morlighem and J Mouginot and F O Nitsche and Y Nogi and O A Nøst and J Paden and F Pattyn and S V Popov and E Rignot and D M Rippin and A Rivera and J Roberts and N Ross and A Ruppel and D M Schroeder and M J Siegert and A M Smith and D Steinhage and M Studinger and B Sun and I Tabacco and K Tinto and S Urbini and D Vaughan and B C Welch and D S Wilson and D A Young and A Zirizzotti},
    journal={Earth System Science Data},
    volume={15},
    number={7},
    pages={2695--2710},
    year={2023},
    doi={10.5194/essd-15-2695-2023}
}

@article{Noble_2020,
    title = {{The Sensitivity of the Antarctic Ice Sheet to a Changing Climate: Past, Present, and Future}},
    author = {T L Noble and E J Rohling and A R A Aitken and H C Bostock and Z Chase and N Gomez and L M Jong and M A King and A N Mackintosh and F S McCormack and R M McKay and L Menviel and S J Phipps and M E Weber and C J Fogwill and B Gayen and N R Golledge and D E Gwyther and A MCC Hogg and Y M Martos and B Pena-Molino and J Roberts and T van de Flierdt and T Williams},
    journal = {Reviews of Geophysics},
    volume = {58},
    number = {4},
    pages = {e2019RG000663},
    doi = {https://doi.org/10.1029/2019RG000663},
    year = {2020}
}

@data{strips_2022,
    title = {{The Reference Elevation Model of Antarctica - Strips, Version 4.1}},
    author = {I Howat and C Porter and MJ Noh and E Husby and S Khuvis and E Danish and K Tomko and J Gardiner and A Negrete and B Yadav and J Klassen and C Kelleher and M Cloutier and J Bakker and J Enos and G Arnold and G Bauer and P Morin},
    publisher = {Harvard Dataverse},
    year = {2022},
    version = {V1},
    doi = {10.7910/DVN/X7NDNY}
}

@data{mosaics_2022,
    title = {{The Reference Elevation Model of Antarctica - Mosaics, Version 2}},
    author = {I Howat and C Porter and MJ Noh and E Husby and S Khuvis and E Danish and K Tomko and J Gardiner and A Negrete and B Yadav and J Klassen and C Kelleher and M Cloutier and J Bakker and J Enos and G Arnold and G Bauer and P Morin},
    publisher = {Harvard Dataverse},
    year = {2022},
    version = {V1},
    doi = {10.7910/DVN/EBW8UC}
}


@misc{REMA,
    title = {{The Reference Elevation Model of Antarctica}},
    author = {I M Howat and C Porter and B E Smith and M-J Noh and P Morin},
    note = {The Cryosphere},
    volume={13},
    number = {2},
    year={2019},
    pages={665--674},
    doi = {https://doi.org/10.5194/tc-13-665-2019}
}

%%%%%% Modelling
@misc{ISSM,
    title = {{Continental scale, high order, high spatial resolution, ice sheet modeling using the Ice Sheet System Model}},
    author = {E Larour and H Seroussi and M Morlighem and E Rignot},
    note = {J. Geophys. Res., 117, F01022},
    doi = {https://doi:10.1029/2011JF002140},
    year = {2012}
}

@article{BedMachinev3,
    title = {{BedMachine v3: Complete Bed Topography and Ocean Bathymetry Mapping of Greenland From Multibeam Echo Sounding Combined With Mass Conservation}},
    author = {M Morlighem and C N Williams and E Rignot and L An and J E Arndt and J L Bamber and G Catania and N Chauché and J A Dowdeswell and B Dorschel and I Fenty and K Hogan and I Howat and A Hubbard and M Jakobsson and T M Jordan and K K Kjeldsen and R Millan and L Mayer and J Mouginot and B P Y Noël and C O'Cofaigh and S Palmer and S Rysgaard and H Seroussi and M J Siegert and P Slabon and F Straneo and M R van den Broeke and W Weinrebe and M Wood and K B Zinglersen},
    journal = {Geophysical Research Letters},
    volume = {44},
    number = {21},
    pages = {11,051-11,061},
    year = {2017},
    doi = {https://doi.org/10.1002/2017GL074954}
}

@article{ISMIP6,
    title = {{ISMIP6 Antarctica: a multi-model ensemble of the Antarctic ice sheet evolution over the 21st century}},
    author = {H Seroussi and S Nowicki and A J Payne and H Goelzer and W H Lipscomb and A Abe-Ouchi and C Agosta and T Albrecht and X Asay-Davis and A Barthel and R Calov and R Cullather and C Dumas and B K  Galton-Fenzi and R Gladstone and N R Golledge and J M Gregory and R Greve and T Hattermann and M J Hoffman and A Humbert and P Huybrechts and N C Jourdain and T Kleiner and E Larour and G R Leguy and D P Lowry  and C M Little and M Morlighem and F Pattyn and T Pelle and S F Price and A Quiquet and R Reese and N-J Schlegel and A Shepherd and E Simon and R S Smith and F Straneo and S Sun and L D Trusel and J Van Breedam and R S W van de Wal and R Winkelmann and C Zhao and T Zhang and T Zwinger},
    Journal = {The Cryosphere},
    volume = {14},
    year = {2020},
    number = {9},
    pages = {3033--3070},
    doi = {10.5194/tc-14-3033-2020}
}

@article{Pattyn_2008,
    title={{Benchmark experiments for higher-order and full-Stokes ice sheet models (ISMIP–HOM)}},
    author={F Pattyn and L Perichon and A Aschwanden and B Breuer and B de Smedt and O Gagliardini and G H Gudmundsson and R C A Hindmarsh and A Hubbard and J V Johnson and T Kleiner and Y Konovalov and C Martin and A J Payne and D Pollard and S Price and M Rückamp and F Saito and O Souček and S Sugiyama and T Zwinger},
    journal={The Cryosphere},
    volume={2},
    number={2},
    pages={95--108},
    year={2008},
    doi={10.5194/tc-2-95-2008},
    url={https://tc.copernicus.org/articles/2/95/2008/}
}

@misc{modelling_ppt,
    title = {{Numerical modelling of glaciers, ice sheets, and ice shelves}},
    author = {E Bueler},
    note = {University of Alaska, Fairbanks},
    url = {https://glaciers.gi.alaska.edu/sites/default/files/lecture-bueler-2016.pdf},
    year = {2016}
}

@incollection{Huybrechts_2007,
    author = {P Huybrechts},
    title = {Ice Sheet Modeling},
    booktitle = {Encyclopedia of the Antarctic},
    editor = {B Riffenburgh},
    volume = {1},
    pages = {514--517},
    publisher = {Routledge},
    year = {2007}
}

@article{Ockenden_2022,
    title = {{Inverting ice surface elevation and velocity for bed topography and slipperiness beneath Thwaites Glacier}},
    author = {Ockenden, H. and Bingham, R. G. and Curtis, A. and Goldberg, D.},
    journal = {The Cryosphere},
    volume = {16},
    year = {2022},
    number = {9},
    pages = {3867--3887},
    doi = {10.5194/tc-16-3867-2022}
}

@article{Gudmundsson_2008,
    title = {{On the limit to resolution and information on basal properties obtainable from surface data on ice streams}},
    author = {G H Gudmundsson and M Raymond},
    journal = {The Cryosphere},
    volume = {2},
    year = {2008},
    number = {2},
    pages = {167--178},
    doi = {10.5194/tc-2-167-2008}
}

@article{Bamber_2008,
    title = {{A new 1 km digital elevation model of the Antarctic derived from combined satellite radar and laser data – Part 1: Data and methods}},
    author = {J Bamber and J Gomez-Dans and J Griggs},
    year = {2008},
    month = {11},
    pages = {811-841},
    volume = {2},
    journal = {The Cryosphere Discussions},
    doi = {10.5194/tcd-2-811-2008}
}

@article{Getraer_2025,
    title = {{Increasing the Glen--Nye power-law exponent accelerates ice-loss projections for the Amundsen Sea Embayment, West Antarctica}},
    author = {B Getraer and M Morlighem},
    journal = {Geophysical Research Letters},
    volume = {52},
    number = {},
    pages = {e2024GL112516},
    doi = {10.1029/2024GL112516},
    year = {2025}
}

@article{TELVIS_2011,
    author = {J L Roberts and R C Warner and D Young and A Wright and T D van Ommen and D D Blankenship and
    M Siegert and N W Young and I E Tabacco and A Forieri and A Passerini and A Zirizzotti and M Frezzotti},
    title = {{Refined broad-scale sub-glacial morphology of Aurora Subglacial Basin, East Antarctica derived by an
    ice-dynamics-based interpolation scheme}},
    journal = {The Cryosphere},
    volume = {5},
    year = {2011},
    number = {3},
    pages = {551--560},
    url = {https://tc.copernicus.org/articles/5/551/2011/},
    doi = {10.5194/tc-5-551-2011},
}

@article{Gillet-Chaulet_2020,
    title = {{Assimilation of surface observations in a transient marine ice sheet model using an ensemble Kalman filter}},
    author = {F Gillet-Chaulet},
    journal = {The Cryosphere},
    volume = {14},
    year = {2020},
    number = {3},
    pages = {811--832},
    doi = {10.5194/tc-14-811-2020}
}

@article{Choi_2025,
    author = {Y Choi and A Petty and D Felikson and J Poterjoy},
    title = {{Estimation of the state and parameters in ice sheet model using an ensemble Kalman filter and Observing System
    Simulation Experiments}},
    journal = {EGUsphere},
    volume = {2025},
    year = {2025},
    pages = {1--25},
    url = {https://egusphere.copernicus.org/preprints/2025/egusphere-2025-301/},
    doi = {10.5194/egusphere-2025-301}
}

@book{Numerical_analysis,
    title = {{Numerical Analysis, Ninth Edition}},
    author = {R L Burden and J D Faires},
    year = {2010},
    isbn = {13:978-0-538-73351-9},
}

@article{Jamieson_2023,
    title = {{An ancient river landscape preserved beneath the East Antarctic Ice Sheet}},
    author = {S Jamieson and N Ross and G Paxman and F Clubb and D Young and S Yan and J Greenbaum and D Blankenship and M Siegert},
    journal = {Nature Communications},
    volume = {14},
    number = {1},
    year = {2023},
    doi = {10.1038/s41467-023-42152-2},
}

@article{Poizat_2024,
    title = {{Widespread longitudinal snow dunes in Antarctica shaped by sintering}},
    author = {M Poizat and G Picard and L Arnaud and C Narteau and C Amory and F Brun},
    journal = {Nature Geoscience},
    volume = {17},
    issue = {9},
    year = {2024},
    pages = {889--895},
    url = {https://egusphere.copernicus.org/preprints/2025/egusphere-2025-301/},
    doi = {10.1038/s41561-024-01506-1}
}

@article{10.1130/G46772.1,
    title = {{Linking postglacial landscapes to glacier dynamics using swath radar at Thwaites 
    Glacier, Antarctica}},
    author = {N Holschuh and K Christianson and J Paden and R B Alley and S Anandakrishnan},
    journal = {Geology},
    volume = {48},
    number = {3},
    pages = {268-272},
    year = {2020},
    month = {01},
    issn = {0091-7613},
    doi = {10.1130/G46772.1},
}

@misc{NVIDIA_NeMo_2025,
    author = {{NVIDIA}},
    title = {NVIDIA NeMo},
    howpublished = {\url{https://developer.nvidia.com/physicsnemo}},
    year = {2025},
    note = {Accessed: 2025-09-21}
}


